@article{bayat2002science,
  title={Science, medicine, and the future: Bioinformatics},
  author={Bayat, Ardeshir},
  journal={BMJ: British Medical Journal},
  volume={324},
  number={7344},
  pages={1018},
  year={2002},
  publisher={BMJ Publishing Group}
}
@article{dhar2013data,
  title={Data science and prediction},
  author={Dhar, Vasant},
  journal={Communications of the ACM},
  volume={56},
  number={12},
  pages={64--73},
  year={2013},
  publisher={ACM}
}
@book{yigitcanlar2008knowledge,
  title={Knowledge-Based Urban Development: Planning and Applications in the Information Era: Planning and Applications in the Information Era},
  author={Yigitcanlar, Tan},
  year={2008},
  publisher={IGI Global}
}
@inproceedings{holzinger2011weakly,
  title={Weakly structured data in health-informatics: The challenge for human-computer interaction},
  author={Holzinger, Andreas},
  booktitle={Proceedings of INTERACT 2011 Workshop: Promoting and supporting healthy living by design},
  year={2011},
  organization={.}
}
@article{ouzzani2013introduction,
  title={Introduction to the special issue on data quality},
  author={Ouzzani, Mourad and Papotti, Paolo and Rahm, Erhard},
  journal={Information Systems},
  year={2013}
}
@article{esteva2017dermatologist,
  title={Dermatologist-level classification of skin cancer with deep neural networks},
  author={Esteva, Andre and Kuprel, Brett and Novoa, Roberto A and Ko, Justin and Swetter, Susan M and Blau, Helen M and Thrun, Sebastian},
  journal={Nature},
  volume={542},
  number={7639},
  pages={115},
  year={2017},
  publisher={Nature Publishing Group}
}
@article{safavian1991survey,
  title={A survey of decision tree classifier methodology},
  author={Safavian, S Rasoul and Landgrebe, David},
  journal={IEEE transactions on systems, man, and cybernetics},
  volume={21},
  number={3},
  pages={660--674},
  year={1991},
  publisher={IEEE}
}
@article{xu2006analysis,
  title={Analysis of a CDN--P2P hybrid architecture for cost-effective streaming media distribution},
  author={Xu, Dongyan and Kulkarni, Sunil Suresh and Rosenberg, Catherine and Chai, Heung-Keung},
  journal={Multimedia Systems},
  volume={11},
  number={4},
  pages={383--399},
  year={2006},
  publisher={Springer}
}